% This file was created with JabRef 2.7.
% Encoding: UTF8
@STRING{{IEEE} Trans. Wireless Commun.= "{IEEE} Trans. Wireless Commun."}
@STRING{IEEE Transactions on Communications= "{IEEE}  Trans. Commun."}
@STRING{IEEE Signal Processing Magazine= "{IEEE} Signal Process. Mag."}
@STRING{IEEE Transactions on Information Theory= "{IEEE}  Trans. Inf. Theory"}
@STRING{IEEE Communications Magazine      = "{IEEE} Commun. Mag."}
@STRING{IEEE Communications Surveys \& Tutorials= "{IEEE} Commun. Surveys Tuts."}
@STRING{IEEE Journal of Selected Topics in Signal Processing      = "{IEEE} J. Sel. Topics Signal Process."}
@STRING{IEEE Transactions on Vehicular Technology      = "{IEEE} Trans. Veh. Technol."}
@STRING{IEEE Transactions on Circuits and Systems I: Regular Papers      = "{IEEE} Trans. Circuits Syst. I, Reg. Papers"}
@STRING{{IEEE} J. Solid-State Circuits.      = "{IEEE} J. Solid-State Circuits."}
@STRING{IEEE Transactions on Circuits and Systems II: Analog and Digital Signal Processing      = "{IEEE} Trans. Circuits Syst. II, Analog Digit. Signal"}
@STRING{IEEE Transactions on Computers      = "{IEEE}  Trans. Comput."}
@STRING{{IEEE} Trans. Commun.      = "{IEEE}  Trans. Commun."}
@STRING{{IEEE} Trans. Commun.      = "{IEEE}  Trans. Commun."}
@STRING{{IEEE} Trans. Commun.      = "{IEEE}  Trans. Commun."}
@STRING{{IEEE} Trans. Commun.      = "{IEEE}  Trans. Commun."}
@STRING{{IEEE} Trans. Commun.      = "{IEEE}  Trans. Commun."}
@STRING{{IEEE} Trans. Commun.      = "{IEEE}  Trans. Commun."}
%========================================================
@MISC{seucover,
  author = {hbsjzzxgssb},
  title = {东南大学学位论文封面},
  year = {2007},
  language = {Chinese},
  typeoflit = {EB/OL}
}

@article{marzetta2010noncooperative,
  title={Noncooperative cellular wireless with unlimited numbers of base station antennas},
  author={Marzetta, Thomas L},
  journal={{IEEE} Trans. Wireless Commun.},
  volume={9},
  number={11},
  pages={3590--3600},
  year={2010},
  publisher={IEEE}
}

@article{ngo2013energy,
  title={Energy and spectral efficiency of very large multiuser MIMO systems},
  author={Ngo, Hien Quoc and Larsson, Erik G and Marzetta, Thomas L},
  journal={{IEEE} Trans. Commun.},
  volume={61},
  number={4},
  pages={1436--1449},
  year={2013},
  publisher={IEEE}
}

@article{huh2012achieving,
  title={Achieving" massive MIMO" spectral efficiency with a not-so-large number of antennas},
  author={Huh, Hoon and Caire, Giuseppe and Papadopoulos, Haralabos C and Ramprashad, Sean A},
  journal={{IEEE} Trans. Wireless Commun.},
  volume={11},
  number={9},
  pages={3226--3239},
  year={2012},
  publisher={IEEE}
}

@article{rusek2013scaling,
  title={Scaling up MIMO: Opportunities and challenges with very large arrays},
  author={Rusek, Fredrik and Persson, Daniel and Lau, Buon Kiong and Larsson, Erik G and Marzetta, Thomas L and Edfors, Ove and Tufvesson, Fredrik},
  journal={IEEE Signal Processing Magazine},
  volume={30},
  number={1},
  pages={40--60},
  year={2013},
  publisher={IEEE}
}

@article{micciancio2001hardness,
  title={The hardness of the closest vector problem with preprocessing},
  author={Micciancio, Daniele},
  journal={{IEEE} Trans. Inf. Theory},
  volume={47},
  number={3},
  pages={1212--1215},
  year={2001},
  publisher={IEEE}
}
@article{cisco2014global,
  title={Global mobile data traffic forecast update, 2013--2018},
  author={Cisco, Cisco Visual Networking Index},
  journal={white paper},
  year={2014}
}
@article{corson2010toward,
  title={Toward proximity-aware internetworking},
  author={Corson, M Scott and Laroia, Rajiv and Li, Junyi and Park, Vincent and Richardson, Tom and Tsirtsis, George},
  journal={IEEE Wireless Communications},
  volume={17},
  number={6},
  year={2010},
  publisher={IEEE}
}
@inproceedings{maeder2011challenge,
  title={The challenge of M2M communications for the cellular radio access network},
  author={Maeder, Andreas and Rost, Peter and Staehle, Dirk},
  booktitle={Proc. W{\"u}rzburg Workshop IP, Joint ITG Euro-NF Workshop “Vis. Future Gener. Netw.” EuroView},
  pages={1--2},
  year={2011}
}
@article{hilton2010machine,
  title={Machine-to-machine device connections: worldwide forecast 2010--2020},
  author={Hilton, Steve},
  journal={Analysys Mason Report},
  year={2010}
}
@article{boccardi2014five,
  title={Five disruptive technology directions for 5G},
  author={Boccardi, Federico and Heath, Robert W and Lozano, Angel and Marzetta, Thomas L and Popovski, Petar},
  journal={{IEEE} Commun. Mag.},
  volume={52},
  number={2},
  pages={74--80},
  year={2014},
  publisher={IEEE}
}
@inproceedings{nam2012joint,
  title={Joint spatial division and multiplexing: Realizing massive MIMO gains with limited channel state information},
  author={Nam, Junyoung and Ahn, Jae-Young and Adhikary, Ansuman and Caire, Giuseppe},
  booktitle={2012 46th Annual Conference on Information Sciences and Systems (CISS) },
  pages={1--6},
  year={2012},
  organization={IEEE}
}
@article{yang2015fifty,
  title={Fifty years of MIMO detection: The road to large-scale MIMOs},
  author={Yang, Shaoshi and Hanzo, Lajos},
  journal={{IEEE} Commun. Surveys Tuts.},
  volume={17},
  number={4},
  pages={1941--1988},
  year={2015},
  publisher={IEEE}
}
%%========M-MIMO WORK
@article{wu2014large,
  title={Large-scale MIMO detection for 3GPP LTE: Algorithms and FPGA implementations},
  author={Wu, Michael and Yin, Bei and Wang, Guohui and Dick, Chris and Cavallaro, Joseph R and Studer, Christoph},
  journal={{IEEE} J. Sel. Topics Signal Process},
  volume={8},
  number={5},
  pages={916--929},
  year={2014},
  publisher={IEEE}
}
@inproceedings{wang2015efficient,
  title={Efficient matrix inversion architecture for linear detection in massive MIMO systems},
  author={Wang, Feng and Zhang, Chuan and Yang, Junmei and Liang, Xiao and You, Xiaohu and Xu, Shugong},
  booktitle={2015 IEEE International Conference on Digital Signal Processing (DSP)},
  pages={248--252},
  year={2015},
  organization={IEEE}
}
@inproceedings{wang2015efficient,
  title={Efficient iterative soft detection based on polynomial approximation for massive MIMO},
  author={Wang, Feng and Zhang, Chuan and Liang, Xiao and Wu, Zhizheng and Xu, Shugong and You, Xiaohu},
  booktitle={2015 International Conference on Wireless Communications \& Signal Processing (WCSP)},
  pages={1--5},
  year={2015},
  organization={IEEE}
}
@inproceedings{liang2015coefficient,
  title={Coefficient adjustment matrix inversion approach and architecture for massive MIMO systems},
  author={Liang, Xiao and Zhang, Chuan and Xu, Shugong and You, Xiaohu},
  booktitle={2015 IEEE 11th International Conference on ASIC (ASICON)},
  pages={1--4},
  year={2015},
  organization={IEEE}
}
@inproceedings{wu2016adjustable,
  title={Adjustable iterative soft-output detection for massive MIMO uplink},
  author={Wu, Zhizhen and Zhang, Chuan and Zhang, Shunqing and You, Xiaohu},
  booktitle={2016 8th International Conference on Wireless Communications \& Signal Processing (WCSP)},
  pages={1--5},
  year={2016},
  organization={IEEE}
}
@article{dai2015low,
  title={Low-complexity soft-output signal detection based on Gauss--Seidel method for uplink multiuser large-scale MIMO systems},
  author={Dai, Linglong and Gao, Xinyu and Su, Xin and Han, Shuangfeng and Chih-Lin, I and Wang, Zhaocheng},
  journal={{IEEE} Trans. Veh. Technol.},
  volume={64},
  number={10},
  pages={4839--4845},
  year={2015},
  publisher={IEEE}
}
@inproceedings{gao2014matrix,
  title={Matrix inversion-less signal detection using SOR method for uplink large-scale MIMO systems},
  author={Gao, Xinyu and Dai, Linglong and Hu, Yuting and Wang, Zhongxu and Wang, Zhaocheng},
  booktitle={2014 IEEE Global Communications Conference (GLOBECOM)},
  pages={3291--3295},
  year={2014},
  organization={IEEE}
}
@inproceedings{zhang2016large,
  title={Large-scale MIMO detection design and FPGA implementations using SOR method},
  author={Zhang, Peng and Liu, Leibo and Peng, Guiqiang and Wei, Shaojun},
  booktitle={2016 8th IEEE International Conference on Communication Software and Networks (ICCSN)},
  pages={206--210},
  year={2016},
  organization={IEEE}
}
@inproceedings{yu2016efficient,
  title={Efficient SOR-based detection and architecture for large-scale MIMO uplink},
  author={Yu, Anlan and Zhang, Chuan and Zhang, Shunqing and You, Xiaohu},
  booktitle={2016 IEEE Asia Pacific Conference on Circuits and Systems (APCCAS)},
  pages={402--405},
  year={2016},
  organization={IEEE}
}
@inproceedings{yin2015vlsi,
  title={VLSI design of large-scale soft-output MIMO detection using conjugate gradients},
  author={Yin, Bei and Wu, Michael and Cavallaro, Joseph R and Studer, Christoph},
  booktitle={2015 IEEE International Symposium on Circuits and Systems (ISCAS)},
  pages={1498--1501},
  year={2015},
  organization={IEEE}
}
@article{wu2016high,
  title={High-Throughput Data Detection for Massive MU-MIMO-OFDM Using Coordinate Descent},
  author={Wu, Michael and Dick, Chris and Cavallaro, Joseph R and Studer, Christoph},
  journal={{IEEE} Trans. Circuits Syst. I, Reg. Papers},
  volume={63},
  number={12},
  pages={2357--2367},
  year={2016},
  publisher={IEEE}
}
@inproceedings{mohammed2008low,
  title={A low-complexity near-ML performance achieving algorithm for large MIMO detection},
  author={Mohammed, Saif K and Chockalingam, Ananthanarayanan and Rajan, B Sundar},
  booktitle={2008 IEEE International Symposium on Information Theory (ISIT)},
  pages={2012--2016},
  year={2008},
  organization={IEEE}
}
@inproceedings{hansen2009near,
  title={Near-optimal detection in MIMO systems using Gibbs sampling},
  author={Hansen, Morten and Hassibi, Babak and Dimakis, Alexandros G and Xu, Weiyu},
  booktitle={2009 IEEE Global Telecommunications Conference (GLOBECOM)},
  pages={1--6},
  year={2009},
  organization={IEEE}
}
@inproceedings{som2010improved,
  title={Improved large-MIMO detection based on damped belief propagation},
  author={Som, Pritam and Datta, Tanumay and Chockalingam, A and Rajan, B Sundar},
  booktitle={2010 IEEE Information Theory Workshop on Information Theory (ITW)},
  pages={1--5},
  year={2010},
  organization={IEEE}
}
@inproceedings{yang2015improved,
  title={Improved symbol-based belief propagation detection for large-scale MIMO},
  author={Yang, Junmei and Zhang, Chuan and Liang, Xiao and Xu, Shugong and You, Xiaohu},
  booktitle={2015 IEEE Workshop on Signal Processing Systems (SiPS)},
  pages={1--6},
  year={2015},
  organization={IEEE}
}
@inproceedings{fukuda2013low,
  title={Low-complexity detection based on belief propagation in a massive MIMO system},
  author={Fukuda, Wataru and Abiko, Takashi and Nishimura, Toshihiko and Ohgane, Takeo and Ogawa, Yasutaka and Ohwatari, Yusuke and Kishiyama, Yoshihisa},
  booktitle={2013 IEEE 77th Vehicular Technology Conference (VTC Spring)},
  pages={1--5},
  year={2013},
  organization={IEEE}
}
@inproceedings{long2011single,
  title={Single edge based belief propagation algorithms for MIMO detection},
  author={Long, Feichi and Lv, Tiejun and Cao, Ruohan and Gao, Hui},
  booktitle={2011 34th IEEE Sarnoff Symposium},
  pages={1--5},
  year={2011},
  organization={IEEE}
}
@inproceedings{yang2016efficient,
  title={Efficient stochastic detector for large-scale MIMO},
  author={Yang, Junmei and Zhang, Chuan and Xu, Shugong and You, Xiaohu},
  booktitle={2016 IEEE International Conference on Acoustics, Speech and Signal Processing (ICASSP)},
  pages={6550--6554},
  year={2016},
  organization={IEEE}
}
@article{castaneda2016data,
  title={Data detection in large multi-antenna wireless systems via approximate semidefinite relaxation},
  author={Casta{\~n}eda, Oscar and Goldstein, Tom and Studer, Christoph},
  journal={{IEEE} Trans. Circuits Syst. I, Reg. Papers},
  volume={63},
  number={12},
  pages={2334--2346},
  year={2016},
  publisher={IEEE}
}
@article{ngo2013multicell,
  title={The multicell multiuser MIMO uplink with very large antenna arrays and a finite-dimensional channel},
  author={Ngo, Hien Quoc and Larsson, Erik G and Marzetta, Thomas L},
  journal={{IEEE} Trans. Commun.},
  volume={61},
  number={6},
  pages={2350--2361},
  year={2013},
  publisher={IEEE}
}
@article{rusek2013scaling,
  title={Scaling up MIMO: Opportunities and challenges with very large arrays},
  author={Rusek, Fredrik and Persson, Daniel and Lau, Buon Kiong and Larsson, Erik G and Marzetta, Thomas L and Edfors, Ove and Tufvesson, Fredrik},
  journal={{IEEE} Signal Process. Mag.},
  volume={30},
  number={1},
  pages={40--60},
  year={2013},
  publisher={IEEE}
}
@inproceedings{wu2016efficient,
  title={Efficient architecture for soft-output massive MIMO detection with Gauss-Seidel method},
  author={Wu, Zhizhen and Zhang, Chuan and Xue, Ye and Xu, Shugong and You, Xiaohu},
  booktitle={2016 IEEE International Symposium on Circuits and Systems (ISCAS)},
  pages={1886--1889},
  year={2016},
  organization={IEEE}
}
@book{paulraj2003introduction,
  title={Introduction to space-time wireless communications},
  author={Paulraj, Arogyaswami and Nabar, Rohit and Gore, Dhananjay},
  year={2003},
  publisher={Cambridge university press}
}
@article{seethaler2011complexity,
  title={On the complexity distribution of sphere decoding},
  author={Seethaler, Dominik and Jalden, Joakim and Studer, Christoph and Bolcskei, Helmut},
  journal={{IEEE} Trans. Inf. Theory},
  volume={57},
  number={9},
  pages={5754--5768},
  year={2011},
  publisher={IEEE}
}
@article{wu2014large,
  title={Large-scale MIMO detection for 3GPP LTE: Algorithms and FPGA implementations},
  author={Wu, Michael and Yin, Bei and Wang, Guohui and Dick, Chris and Cavallaro, Joseph R and Studer, Christoph},
  journal={{IEEE} J. Sel. Topics Signal Process},
  volume={8},
  number={5},
  pages={916--929},
  year={2014},
  publisher={IEEE}
}
@book{biglieri2007mimo,
  title={MIMO wireless communications},
  author={Biglieri, Ezio and Calderbank, Robert and Constantinides, Anthony and Goldsmith, Andrea and Paulraj, Arogyaswami and Poor, H Vincent},
  year={2007},
  publisher={Cambridge university press}
}

@book{saad2003iterative,
  title={Iterative methods for sparse linear systems},
  author={Saad, Yousef},
  year={2003},
  publisher={SIAM}
}
@article{chiani2003capacity,
  title={On the capacity of spatially correlated MIMO Rayleigh-fading channels},
  author={Chiani, Marco and Win, Moe Z and Zanella, Alberto},
  journal={{IEEE} Trans. Inf. Theory},
  volume={49},
  number={10},
  pages={2363--2371},
  year={2003},
  publisher={IEEE}
}
@article{zanella2009marginal,
  title={On the marginal distribution of the eigenvalues of Wishart matrices},
  author={Zanella, Alberto and Chiani, Marco and Win, Moe Z},
  journal={{IEEE} Trans. Commun.},
  volume={57},
  number={4},
  year={2009},
  publisher={IEEE}
}
@article{matthaiou2010condition,
  title={On the condition number distribution of complex Wishart matrices},
  author={Matthaiou, Michail and McKay, Matthew R and Smith, Peter J and Nossek, Josef A},
  journal={{IEEE} Trans. Commun.},
  volume={58},
  number={6},
  pages={1705--1717},
  year={2010},
  publisher={IEEE}
}
@inproceedings{seethaler2004efficient,
  title={An efficient MMSE-based demodulator for MIMO bit-interleaved coded modulation},
  author={Seethaler, Dominik and Matz, Gerald and Hlawatsch, Franz},
  booktitle={2004 IEEE Global Telecommunications Conference (GLOBECOM)},
  volume={4},
  pages={2455--2459},
  year={2004},
  organization={IEEE}
}
@book{parhi2007vlsi,
  title={VLSI digital signal processing systems: design and implementation},
  author={Parhi, Keshab K},
  year={2007},
  publisher={John Wiley \& Sons}
}
@article{sayeed2002deconstructing,
  title={Deconstructing multiantenna fading channels},
  author={Sayeed, Akbar M},
  journal={IEEE Transactions on Signal Processing},
  volume={50},
  number={10},
  pages={2563--2579},
  year={2002},
  publisher={IEEE}
}
@article{wen2015channel,
  title={Channel estimation for massive MIMO using Gaussian-mixture Bayesian learning},
  author={Wen, Chao-Kai and Jin, Shi and Wong, Kai-Kit and Chen, Jung-Chieh and Ting, Pangan},
  journal={{IEEE} Trans. Wireless Commun.},
  volume={14},
  number={3},
  pages={1356--1368},
  year={2015},
  publisher={IEEE}
}
@article{alkhateeb2014channel,
  title={Channel estimation and hybrid precoding for millimeter wave cellular systems},
  author={Alkhateeb, Ahmed and El Ayach, Omar and Leus, Geert and Heath, Robert W},
  journal={{IEEE} J. Sel. Topics Signal Process},
  volume={8},
  number={5},
  pages={831--846},
  year={2014},
  publisher={IEEE}
}
@article{parhi1992synthesis,
  title={Synthesis of control circuits in folded pipelined DSP architectures},
  author={Parhi, Keshab K and Wang, C-Y and Brown, Andrew P},
  journal={{IEEE} J. Solid-State Circuits.},
  volume={27},
  number={1},
  pages={29--43},
  year={1992},
  publisher={IEEE}
}
@article{monteiro1996retiming,
  title={Retiming sequential circuits for low power},
  author={Monteiro, Jos{\'e} and Devadas, Srinivas and Ghosh, Abhijit},
  journal={International journal of high speed electronics and systems},
  volume={7},
  number={02},
  pages={323--340},
  year={1996},
  publisher={World Scientific}
}
@article{parhi1994calculation,
  title={Calculation of minimum number of registers in arbitrary life time chart},
  author={Parhi, Keshab K},
  journal={{IEEE} Trans. Circuits Syst. II, Analog Digit. Signal},
  volume={41},
  number={6},
  pages={434--436},
  year={1994},
  publisher={IEEE}
}
@article{parhi1992systematic,
  title={Systematic synthesis of DSP data format converters using life-time analysis and forward-backward register allocation},
  author={Parhi, Keshab K},
  journal={{IEEE} Trans. Circuits Syst. II, Analog Digit. Signal},
  volume={39},
  number={7},
  pages={423--440},
  year={1992},
  publisher={IEEE}
}
@article{duff1989sparse,
  title={Sparse matrix test problems},
  author={Duff, Iain S and Grimes, Roger G and Lewis, John G},
  journal={ACM Transactions on Mathematical Software (TOMS)},
  volume={15},
  number={1},
  pages={1--14},
  year={1989},
  publisher={ACM}
}
@article{godana2013parametrization,
  title={Parametrization based limited feedback design for correlated MIMO channels using new statistical models},
  author={Godana, Bruhtesfa E and Ekman, Torbjorn},
  journal={{IEEE} Trans. Wireless Commun.},
  volume={12},
  number={10},
  pages={5172--5184},
  year={2013},
  publisher={IEEE}
}
@inproceedings{collings2004low,
  title={Low complexity receiver design for MIMO bit-interleaved coded modulation},
  author={Collings, Iain B and Butler, Michael RG and McKay, M},
  booktitle={2004 IEEE Eighth International Symposium on Spread Spectrum Techniques and Applications},
  pages={12--16},
  year={2004},
  organization={IEEE}
}
%
@article{wang2016configurable,
  title={A Configurable Architecture for Sparse LU Decomposition on Matrices with Arbitrary Patterns},
  author={Wang, Xinying and Jones, Phillip H and Zambreno, Joseph},
  journal={ACM SIGARCH Computer Architecture News},
  volume={43},
  number={4},
  pages={76--81},
  year={2016},
  publisher={ACM}
}
@article{jaiswal2012fpga,
  title={FPGA-based high-performance and scalable block LU decomposition architecture},
  author={Jaiswal, Manish Kumar and Chandrachoodan, Nitin},
  journal={{IEEE} Trans. Comput.},
  volume={61},
  number={1},
  pages={60--72},
  year={2012},
  publisher={IEEE}
}
@inproceedings{wu2012parallelizing,
  title={Parallelizing sparse LU decomposition on FPGAs},
  author={Wu, Guiming and Xie, Xianghui and Dou, Yong and Sun, Junqing and Wu, Dong and Li, Yuan},
  booktitle={2012 International Conference on Field-Programmable Technology (FPT)},
  pages={352--359},
  year={2012},
  organization={IEEE}
}
@inproceedings{johnson2008sparse,
  title={Sparse LU decomposition using FPGA},
  author={Johnson, Jeremy and Chagnon, Timothy and Vachranukunkiet, Petya and Nagvajara, Prawat and Nwankpa, Chika},
  booktitle={International Workshop on State-of-the-Art in Scientific and Parallel Computing (PARA)},
  year={2008}
}
@book{poor2013introduction,
  title={An introduction to signal detection and estimation},
  author={Poor, H Vincent},
  year={2013},
  publisher={Springer Science \& Business Media}
}
@incollection{de1997quadratic,
  title={Quadratic programming with box constraints},
  author={De Angelis, Pasquale L and Pardalos, Panos M and Toraldo, Gerardo},
  booktitle={Developments in global optimization},
  pages={73--93},
  year={1997},
  publisher={Springer}
}
@phdthesis{pore1969quadratic,
  title={Quadratic programming with linear inequality constraints},
  author={Pore, Michael David},
  year={1969},
  school={Texas Tech University}
}
@inproceedings{wolniansky1998v,
  title={V-BLAST: An architecture for realizing very high data rates over the rich-scattering wireless channel},
  author={Wolniansky, Peter W and Foschini, Gerard J and Golden, GD and Valenzuela, Reinaldo A},
  booktitle={1998 URSI International Symposium on Signals, Systems, and Electronics},
  pages={295--300},
  year={1998},
  organization={IEEE}
}
@book{hestenes1952methods,
  title={Methods of conjugate gradients for solving linear systems},
  author={Hestenes, Magnus Rudolph and Stiefel, Eduard},
  volume={49},
  year={1952},
  publisher={NBS}
}
@book{avriel2003nonlinear,
  title={Nonlinear programming: analysis and methods},
  author={Avriel, Mordecai},
  year={2003},
  publisher={Courier Corporation}
}
@article{wright2015coordinate,
  title={Coordinate descent algorithms},
  author={Wright, Stephen J},
  journal={Mathematical Programming},
  volume={151},
  number={1},
  pages={3--34},
  year={2015},
  publisher={Springer}
}
@article{fletcher2005barzilai,
  title={On the barzilai-borwein method},
  author={Fletcher, Roger},
  journal={Optimization and control with applications},
  pages={235--256},
  year={2005},
  publisher={Springer}
}
@article{betts1976solving,
  title={Solving the nonlinear least square problem: Application of a general method},
  author={Betts, John T},
  journal={Journal of Optimization Theory and Applications},
  volume={18},
  number={4},
  pages={469--483},
  year={1976},
  publisher={Springer}
}
@book{boyd2004convex,
  title={Convex optimization},
  author={Boyd, Stephen and Vandenberghe, Lieven},
  year={2004},
  publisher={Cambridge university press}
}
@book{trefethen1997numerical,
  title={Numerical linear algebra},
  author={Trefethen, Lloyd N and Bau III, David},
  volume={50},
  year={1997},
  publisher={Siam}
}
@article{reimers1998digital,
  title={Digital video broadcasting},
  author={Reimers, Ulrich},
  journal={{IEEE} Commun. Mag.},
  volume={36},
  number={6},
  pages={104--110},
  year={1998},
  publisher={IEEE}
}
@article{forney2005viterbi,
  title={The viterbi algorithm: A personal history},
  author={Forney Jr, G David},
  journal={arXiv preprint cs/0504020},
  year={2005}
}
@book{casella2002statistical,
  title={Statistical inference},
  author={Casella, George and Berger, Roger L},
  volume={2},
  year={2002},
  publisher={Duxbury Pacific Grove, CA}
}
@article{fletcher2005barzilai,
  title={On the barzilai-borwein method},
  author={Fletcher, Roger},
  journal={Optimization and control with applications},
  pages={235--256},
  year={2005},
  publisher={Springer}
}
@inproceedings{wu2013approximate,
  title={Approximate matrix inversion for high-throughput data detection in the large-scale MIMO uplink},
  author={Wu, Michael and Yin, Bei and Vosoughi, Aida and Studer, Christoph and Cavallaro, Joseph R and Dick, Chris},
  booktitle={2013 IEEE International Symposium on Circuits and Systems (ISCAS)},
  pages={2155--2158},
  year={2013},
  organization={IEEE}
}
@inproceedings{yin2013implementation,
  title={Implementation trade-offs for linear detection in large-scale MIMO systems},
  author={Yin, Bei and Wu, Michael and Studer, Christoph and Cavallaro, Joseph R and Dick, Chris},
  booktitle={2013 IEEE International Conference on Acoustics, Speech and Signal Processing (ICASSP)},
  pages={2679--2683},
  year={2013},
  organization={IEEE}
}
@article{wu2014large,
  title={Large-scale MIMO detection for 3GPP LTE: Algorithms and FPGA implementations},
  author={Wu, Michael and Yin, Bei and Wang, Guohui and Dick, Chris and Cavallaro, Joseph R and Studer, Christoph},
  journal={{IEEE} J. Sel. Topics Signal Process},
  volume={8},
  number={5},
  pages={916--929},
  year={2014},
  publisher={IEEE}
}
@book{wilkinson1965algebraic,
  title={The algebraic eigenvalue problem},
  author={Wilkinson, James Hardy},
  volume={87},
  year={1965},
  publisher={Clarendon Press Oxford}
}
@book{mehta2004random,
  title={Random matrices},
  author={Mehta, Madan Lal},
  volume={142},
  year={2004},
  publisher={Academic press}
}
@article{edelman1988eigenvalues,
  title={Eigenvalues and condition numbers of random matrices},
  author={Edelman, Alan},
  journal={SIAM Journal on Matrix Analysis and Applications},
  volume={9},
  number={4},
  pages={543--560},
  year={1988},
  publisher={SIAM}
}
@article{alliance20155g,
  title={5G white paper},
  author={Alliance, NGMN},
  journal={Next generation mobile networks, white paper},
  year={2015}
}
@book{binmore2002calculus,
  title={Calculus: concepts and methods},
  author={Binmore, Ken and Davies, Joan},
  year={2002},
  publisher={Cambridge University Press}
}
@book{horn2012matrix,
  title={Matrix analysis},
  author={Horn, Roger A and Johnson, Charles R},
  year={2012},
  publisher={Cambridge university press}
}
@inproceedings{choi2000iterative,
  title={Iterative soft interference cancellation for multiple antenna systems},
  author={Choi, Won-Joon and Cheong, Kok-Wui and Cioffi, John M},
  booktitle={2000 IEEE Wireless Communications and Networking Confernce (WCNC)},
  volume={1},
  pages={304--309},
  year={2000},
  organization={IEEE}
}
@book{hu2001programmable,
  title={Programmable Digital Signal Processors: Architecture: Programming, and Applications},
  author={Hu, Yu Hen},
  year={2001},
  publisher={CRC Press}
}
@MISC{xrn:thuthesis,
  author = {薛瑞尼},
  title = {ThuThesis:清华大学学位论文模板},
  year = {2005},
  language = {Chinese},
  typeoflit = {EB/OL}
}
